<?xml version="1.0" encoding="UTF-8"?><record xmlns="http://www.loc.gov/MARC21/slim" xmlns:cinclude="http://apache.org/cocoon/include/1.0" xmlns:zs="http://www.loc.gov/zing/srw/">
  <leader>01166cz  a2200265n  4500</leader>
  <controlfield tag="001">n  85346908 </controlfield>
  <controlfield tag="003">DLC</controlfield>
  <controlfield tag="005">20080904080703.0</controlfield>
  <controlfield tag="008">861231n| acannaabn          |b aaa      </controlfield>
  <datafield tag="010" ind1=" " ind2=" ">
    <subfield code="a">n  85346908 </subfield>
  </datafield>
  <datafield tag="035" ind1=" " ind2=" ">
    <subfield code="a">(OCoLC)oca01761243</subfield>
  </datafield>
  <datafield tag="040" ind1=" " ind2=" ">
    <subfield code="a">DLC</subfield>
    <subfield code="b">eng</subfield>
    <subfield code="c">DLC</subfield>
    <subfield code="d">DLC</subfield>
    <subfield code="d">DLC-R</subfield>
    <subfield code="d">DLC</subfield>
    <subfield code="d">OCoLC</subfield>
  </datafield>
  <datafield tag="100" ind1="1" ind2=" ">
    <subfield code="a">Paradis, Yehudah</subfield>
  </datafield>
  <datafield tag="400" ind1="1" ind2=" ">
    <subfield code="w">nna</subfield>
    <subfield code="a">Pardis, Yehudah</subfield>
  </datafield>
  <datafield tag="400" ind1="1" ind2=" ">
    <subfield code="a">Pardais, Yehudah</subfield>
  </datafield>
  <datafield tag="400" ind1="1" ind2=" ">
    <subfield code="a">Paradis, Yehuda</subfield>
  </datafield>
  <datafield tag="400" ind1="1" ind2=" ">
    <subfield code="a">פרדיס, ַ יהודה</subfield>
  </datafield>
  <datafield tag="667" ind1=" " ind2=" ">
    <subfield code="a">Machine-derived non-Latin script reference project.</subfield>
  </datafield>
  <datafield tag="667" ind1=" " ind2=" ">
    <subfield code="a">Non-Latin script reference not evaluated.</subfield>
  </datafield>
  <datafield tag="670" ind1=" " ind2=" ">
    <subfield code="a">His ha-ʻAyin ha-shelishit, o, Ketsad le-tsalem ṭov yoter, c1982:</subfield>
    <subfield code="b">t.p. (Yehudah Paradis)</subfield>
  </datafield>
  <datafield tag="670" ind1=" " ind2=" ">
    <subfield code="a">LC manual cat.</subfield>
    <subfield code="b">(hdg.: Pardis, Yehudah; usage not shown)</subfield>
  </datafield>
  <datafield tag="670" ind1=" " ind2=" ">
    <subfield code="a">His Az etslenu zeh kakhah, c1980:</subfield>
    <subfield code="b">t.p. (Yehudah Paradis) cover (Yehudah Pardais)</subfield>
  </datafield>
  <datafield tag="670" ind1=" " ind2=" ">
    <subfield code="a">His Regaʻ, ḥoshvim! 1970 or 1971:</subfield>
    <subfield code="b">t.p. (Yehudah Paradis) jkt. (Yehudah Paradis [voc.])</subfield>
  </datafield>
  <datafield tag="670" ind1=" " ind2=" ">
    <subfield code="a">Ḳiryat sefer, 1971-72:</subfield>
    <subfield code="b">ḥov. 3, p. 407 (Paradis, Yehudah; Yehuda Paradis [in rom.])</subfield>
  </datafield>
  <datafield tag="670" ind1=" " ind2=" ">
    <subfield code="a">Mishpaḥah sheka-zot, 1990:</subfield>
    <subfield code="b">t.p. (Yehudah Paradis) t.p. verso (Yehuda Pardis [in rom.])</subfield>
  </datafield>
</record>